@techreport{who_global_2009,
	Author = {{World Health Organization}},
	institution = {{World Health Organization}},
	Publisher = {World Health Organization},
  address = {Geneva},
	Title = {Global Status Report on Road Safety: Time for Action},
	Year = {2009}
}

@article{friedman_fallacies_1992,
	Author = {Milton Friedman},
	Journal = {Journal of Economic Literature},
	Number = {4},
	Pages = {2129-2132},
	Title = {Do Old Fallacies Ever Die?},
	Volume = {30},
  xxx_month = dec,
	Year = {1992}
}

@article{steven_d._levitt_evidence_2008,
	Author = {Steven D. Levitt},
	Journal = {Review of Economics and Statistics},
	Number = {1},
	Pages = {158--163},
  Title = {Evidence that Seat Belts Are as Effective as Child Safety Seats in
    Preventing Death for Children Aged Two and Up},
	Volume = {90},
	Year = {2008},
  xxx_month = feb
}

@article{steven_d._levitt_dangerous_2001,
	Author = {Steven D. Levitt and Jack Porter},
	Journal = {Journal of Political Economy},
	Number = {6},
	Pages = {1198--1237},
	Title = {How Dangerous Are Drinking Drivers?},
	Volume = {109},
	Year = {2001},
  xxx_month = dec
}

@misc{parliamant_of_the_czech_republic_zkon_2005,
	Author = {{Parliamant of the Czech Republic}},
	xxx_month = sep,
	Title = {{Z{\'A}KON} ze dne 21. z{\'a}{\v r}{\'\i} 2005, kter{\'y}m se m{\v e}n{\'\i} z{\'a}kon {\v c}. 361/2000 Sb., o provozu na pozemn{\'\i}ch komunikac{\'\i}ch a o zm{\v e}n{\'a}ch n{\v e}kter{\'y}ch z{\'a}kon{\r u}, ve zn{\v e}n{\'\i} pozd{\v e}j{\v s}{\'\i}ch p{\v r}edpis{\r u}, z{\'a}kon {\v c}. 200/1990 Sb., o p{\v r}estupc{\'\i}ch, ve zn{\v e}n{\'\i} pozd{\v e}j{\v s}{\'\i}ch p{\v r}edpis{\r u}, z{\'a}kon {\v c}. 247/2000 Sb., o z{\'\i}sk{\'a}v{\'a}n{\'\i} a zdokonalov{\'a}n{\'\i} odborn{\'e} zp{\r u}sobilosti k {\v r}{\'\i}zen{\'\i} motorov{\'y}ch vozidel a o zm{\v e}n{\'a}ch n{\v e}kter{\'y}ch z{\'a}kon{\r u}, ve zn{\v e}n{\'\i} pozd{\v e}j{\v s}{\'\i}ch p{\v r}edpis{\r u}, a n{\v e}kter{\'e} dal{\v s}{\'\i} z{\'a}kony},
	Year = {2005}
}

@book{apat_annuario_2006,
	Address = {Rome},
	Author = {APAT},
	xxx_month = dec,
	Publisher = {APAT},
	Title = {Annuario dei Dati ambientali},
	Year = {2006}
}

@article{hussain_speeding_2006,
	Author = {O. T. Hussain and M. S. Nayyar and F. A. Brady and J. C. Beirne and 
            L. F. A. Stassen},
	Journal = {British Journal of Oral and Maxillofacial Surgery},
	shortjournal = {J Oral Maxil Surg},
	xxx_month = feb,
	Number = {1},
	Pages = {15--19},
  Title = {Speeding and Maxillofacial Injuries: Impact of the Introduction of
    Penalty Points for Speeding Offences},
	Volume = {44},
	Year = {2006}
}

@article{healy_speed_2004,
  Author = {D. G. Healy and P. Connolly and M. M. Stephens and J. M. {O'Byrne}
    and F. {McManus} and D. {McCormack}},
	Journal = {Injury},
	xxx_month = sep,
	Number = {9},
	Pages = {908--912},
	Title = {Speed and Spinal Injuries},
	Volume = {35},
	Year = {2004}
}

@article{butler_penalty_2005,
  Author = {J. Butler and J. Burke and D. Healy and M. Stephens and F. {McManus}
    and D. {McCormack} and J. {O'Byrne} and A. Poynton},
	Journal = {Irish Journal of Medical Science},
	shortjournal = {Irish J Med Sci},
	xxx_month = mar,
	Number = {0},
	Pages = {49},
	Title = {Penalty points: are they working?},
	Volume = {174},
	Year = {2005}
}

@article{butler_trends_2006,
  Author = {J. S. Butler and J. P. Burke and D. G. Healy and M. M. Stephens
    and F. McManus and D. McCormack and J. M. {O'Byrne} and A. R. Poynton},
  Journal = {Irish Journal of Medical Science},
	shortjournal = {Irish J Med Sci},
  xxx_month = mar,
  Number = {1},
  Pages = {20--23},
  Title = {Trends in {RTA} Related Spinal Injuries: The Post Penalty Points
    Era},
  Volume = {175},
  Year = {2006}
}

@article{zambon_evidence-based_2007,
  Author = {Francesco Zambon and Ugo Fedeli and Cristiana Visentin and Maria
    Marchesan and Francesco Avossa and Stefano Brocco and Paolo Spolaore},
	Journal = {Journal of Epidemiology and Community Health},
	shortjournal = {J Epidemiol Commun H},
	xxx_month = oct,
	Number = {10},
	Pages = {877--881},
  Title = {Evidence-Based Policy on Road Safety: The Effect of the Demerit
    Points System on Seat Belt Use And Health Outcomes},
	Volume = {61},
	Year = {2007}
}

@article{zambon_sustainability_2008,
  Author = {Francesco Zambon and Ugo Fedeli and Giovanni Milan and Stefano
    Brocco and Maria Marchesan and Sandro Cinquetti and Paolo Spolaore},
	Journal = {Accident Analysis \& Prevention},
	shortjournal = {Accident Anal Prev},
	Number = {1},
	Pages = {231--237},
  Title = {Sustainability of the Effects of the Demerit Points System on Seat
    Belt Use: A Region-Wide Before-and-After Observational Study in {I}taly},
	Volume = {40},
	Year = {2008},
  xxx_month = jan
}

@techreport{nicita_rational_2009,
	Author = {Simona Benedettini and Antonio Nicita},
  type = {Unpublished {M}anuscript},
  institution = {University of Siena},
	Title = {Rational Drivers, Irrational Enforcers, and Road Safety},
	Year = {2009}
}

@article{maffei_de_andrade_road_2008,
  Author = {Selma {Maffei de Andrade} and Darli Antonio Soares and Tiemi Matsuo
    and Christiane Lopes Barrancos Liberatti and Maria Luiza Hiromi Iwakura},
	Journal = {Traffic Injury Prevention},
	Number = {5},
	Pages = {450 -- 455},
  Title = {Road Injury-Related Mortality in a Medium-Sized {B}razilian City
    After Some Preventive Interventions},
	Volume = {9},
	Year = {2008}
}

@article{donnelly_changes_2005,
	Author = {M. Donnelly and P. Murray and S. Cleary},
	Journal = {Irish Medical Journal},
	Number = {2},
	Pages = {53-54},
  Title = {Changes in trauma service workload since the introduction of the
    Penalty points system.},
	Volume = {98},
	Year = {2005}
}

@article{liberatti_new_2001,
	Author = {C L B Liberatti and Selma Maffei de Andrade and D A Soares},
	Journal = {Injury Prevention},
	shortjournal = {Injury Prev},
	Number = {3},
	Pages = {190--193},
  Title = {The new {B}razilian traffic code and some characteristics of victims
    in southern {B}razil},
	Volume = {7},
	Year = {2001}
}

@article{poli-de-figueiredo_increases_2001,
  Author = {L F {Poli de Figueiredo} and S Rasslan and V Bruscagin and R Cruz
    and M {Rocha e Silva}},
	Journal = {Injury},
	xxx_month = mar,
	Number = {2},
	Pages = {91--94},
  Title = {Increases in fines and driver licence withdrawal have effectively
    reduced immediate deaths from trauma on {B}razilian roads: first-year report
      on the new traffic code},
	Volume = {32},
	Year = {2001}
}

@article{lenehan_immediate_2005,
	Author = {Brian Lenehan and John Street and Kieran Barry and George Mullan},
	Journal = {Injury},
	Number = {8},
	Pages = {912--6},
  Title = {Immediate impact of 'penalty points legislation' on acute hospital
    trauma services.},
	Volume = {36},
	Year = {2005}
}

@article{tsebelis_abuse_1989,
	Author = {George Tsebelis},
	Journal = {American Political Science Review},
	Number = {1},
	Pages = {77--91},
  Title = {The Abuse of Probability in Political Analysis: The Robinson Crusoe
    Fallacy},
	Volume = {83},
  xxx_month = mar,
	Year = {1989}
}

@article{redelmeier_traffic-law_2003,
	Author = {Donald A. Redelmeier and Robert J. Tibshirani and Leonard Evans},
	Journal = {Lancet},
	xxx_month = jun,
	Number = {9376},
	Pages = {2177--2182},
  Title = {Traffic-Law Enforcement and Risk of Death from Motor-Vehicle Crashes:
    Case-Crossover Study},
	Volume = {361},
	Year = {2003}
}

@article{chipman_role_1975,
	Author = {M. L. Chipman and Peter Morgan},
	Journal = {British Journal of Preventive and Social Medicine},
	Number = {3},
	Pages = {190--195},
  Title = {The Role of Driver Demerit Points and Age in the Prediction of Motor
    Vehicle Collisions},
	Volume = {29},
	Year = {1975}
}

@article{holler_fighting_1993,
	Author = {Manfred J. Holler},
	Journal = {Public Choice},
	Number = {4},
  xxx_month = aug,
	Pages = {347--356},
	Title = {Fighting Pollution When Decisions Are Strategic},
	Volume = {76},
	Year = {1993}
}

@article{becker_crime_1968,
	Author = {Gary S. Becker},
	Journal = {Journal of Political Economy},
	xxx_month = apr,
	Number = {2},
	Pages = {169--217},
	Title = {Crime and Punishment: An Economic Approach},
	Volume = {76},
	Year = {1968}
}

@article{andreozzi_oscilliations_2002,
	Author = {Luciano Andreozzi},
	Journal = {Homo Oeconomicus},
	Pages = {403--428},
	Title = {Oscilliations in the Enforcement of Law: An Evolutionary Analysis},
	Volume = {18},
	Year = {2002}
}

@article{hijar_traffic_2003,
	Author = {Martha Hijar and James A Trostle},
	Journal = {Lancet},
	xxx_month = sep,
	Number = {9386},
	Pages = {833},
	Title = {Traffic law enforcement and safety},
	Volume = {362},
	Year = {2003}
}

@article{hjar_pedestrian_2003,
	Author = {Martha H{\'\i}jar and James Trostle and Mario Bronfman},
	Journal = {Social Science \& Medicine},
	xxx_month = dec,
	Number = {11},
	Pages = {2149--2159},
	Title = {Pedestrian injuries in Mexico: a multi-method approach},
	Volume = {57},
	Year = {2003}
}

@techreport{istat_instituto_nazionale_di_statistica_statistica_2005,
	Author = {{Instituto Nazionale di Statistica}},
	institution = {{Instituto Nazionale di Statistica, Italy}},
	Title = {Statistica degli incidenti stradali, Anni 2003-2004},
  xxx_month = oct,
  day = 13,
	Year = {2005}}

@article{latorre_epidemiology_2002,
  Author = {G. Latorre and G. Bertazzoni and D. Zotta and E. Van Beeck and G.
    Ricciardi},
	Journal = {European Journal of Public Health},
	Number = {2},
	Pages = {99},
  Title = {Epidemiology of accidents among users of two-wheeled motor vehicles:
    a surveillance study in two Italian cities},
	Volume = {12},
	Year = {2002}
}

@article{farchi_evaluation_2007,
  Author = {Sara Farchi and Francesco Chini and Paolo Giorgi Rossi and Laura
    Camilloni and Piero Borgia and Gabriella Guasticchi},
	Journal = {Injury Prevention},
	shortjournal = {Injury Prev},
	xxx_month = feb,
	Number = {1},
	Pages = {60--64},
  Title = {Evaluation of the Health Effects of the New Driving Penalty Point
    System in the {L}azio {R}egion, {I}taly, 2001--4},
	Volume = {13},
	Year = {2007}
}

@article{mehmood_evaluating_2010,
	Author = {Arif Mehmood},
	Journal = {European Transport Research Review},
	shortjournal = {Eur Transport Res Rev},
	xxx_month = mar,
	Number = {1},
	Pages = {25--30},
  Title = {Evaluating Impact of Demerit Points System on Speeding Behavior of
    Drivers},
	Volume = {2},
	Year = {2010}
}

@article{pulido_impact_2010,
  Author = {Jos{\'e} Pulido and Pablo Lardelli and Luis de la Fuente and
    V{\'\i}ctor M Flores and Fernando Vallejo and Enrique Regidor},
	Journal = {Journal of Epidemiology and Community Health},
	shortournal = {J Epidemiol Commun H},
	xxx_month = mar,
	Number = {3},
	Pages = {274--276},
  Title = {Impact of the demerit point system on road traffic accident mortality
    in {S}pain},
	Volume = {64},
	Year = {2010}
}


@techreport{alary_ambiguity_2012,
	title = {The Effect of Ambiguity Aversion on Insurance Demand},
	institution = {Toulouse School of Economics},
	type = {Unpublished {M}anuscript},
	author = {Alary, David and Gollier, Christian and Treich, Nicolas},
  xxxaddress = {Tolouse},
	year = {2012}
}

@article{benedettini_costs_2012,
  title = {The Costs of Avoiding Accidents: Selective Compliance and The
    {‘Peltzman} Effect’ in Italy},
	volume = {32},
	number = {2},
	journal = {International Review of Law and Economics},
	author = {Benedettini, Simona and Nicita, Antonio},
	year = {2012},
	pages = {256--270}
}

@techreport{nicita_warning_2012,
  author={Marcello Basili and Filippo Belloc and Simona Benedettini and Antonio
    Nicita},
  title={Warning, Learning and Compliance: Evidence from Micro-data on Driving
    Behavior},
  year=2012,
  institution={Department of Economics, University of Siena},
  type={Working {P}aper},
  number={no. 639}
}

